<record><leader>00000cas a22000007a 4500</leader><controlfield tag="001">21052043</controlfield><controlfield tag="008">900212c18uu9999mouwr ne      0    0eng d</controlfield><datafield ind1=" " ind2=" " tag="010"><subfield code="a">sn 90061246 </subfield></datafield><datafield ind1=" " ind2=" " tag="040"><subfield code="a">MQN</subfield><subfield code="b">eng</subfield><subfield code="c">MQN</subfield><subfield code="d">OCL</subfield><subfield code="d">OCLCQ</subfield><subfield code="d">OCLCF</subfield><subfield code="d">OCLCO</subfield></datafield><datafield ind1=" " ind2=" " tag="042"><subfield code="a">msc</subfield></datafield><datafield ind1=" " ind2=" " tag="043"><subfield code="a">n-us-mo</subfield></datafield><datafield ind1="0" ind2="4" tag="245"><subfield code="a">The Vandalia leader.</subfield></datafield><datafield ind1="3" ind2="0" tag="246"><subfield code="a">Vandalia leader Vandalia press--Laddonia herald</subfield></datafield><datafield ind1=" " ind2=" " tag="260"><subfield code="a">Vandalia, Audrain County, Mo. :</subfield><subfield code="b">F.N. Frost</subfield></datafield><datafield ind1=" " ind2=" " tag="300"><subfield code="a">v.</subfield></datafield><datafield ind1=" " ind2=" " tag="310"><subfield code="a">Weekly</subfield></datafield><datafield ind1=" " ind2=" " tag="500"><subfield code="a">Vandalia press--Laddonia herald appears under masthead, Jan. 12, 1961-</subfield></datafield><datafield ind1=" " ind2=" " tag="580"><subfield code="a">Absorbed Vandalia press and Laddonia herald, Jan. 12, 1961.</subfield></datafield><datafield ind1=" " ind2=" " tag="588"><subfield code="a">Description based on: Vol. 22, no. 16 (Jan. 3, 1895).</subfield></datafield><datafield ind1=" " ind2="0" tag="651"><subfield code="a">Vandalia (Mo.)</subfield><subfield code="v">Newspapers.</subfield></datafield><datafield ind1=" " ind2="0" tag="651"><subfield code="a">Laddonia (Mo.)</subfield><subfield code="v">Newspapers.</subfield></datafield><datafield ind1=" " ind2="7" tag="655"><subfield code="a">Newspapers.</subfield><subfield code="2">fast</subfield><subfield code="0">(OCoLC)fst01423814</subfield></datafield><datafield ind1=" " ind2="7" tag="651"><subfield code="a">Missouri</subfield><subfield code="z">Laddonia.</subfield><subfield code="2">fast</subfield><subfield code="0">(OCoLC)fst01210342</subfield></datafield><datafield ind1=" " ind2="7" tag="651"><subfield code="a">Missouri</subfield><subfield code="z">Vandalia.</subfield><subfield code="2">fast</subfield><subfield code="0">(OCoLC)fst01228557</subfield></datafield><datafield ind1=" " ind2=" " tag="752"><subfield code="a">United States</subfield><subfield code="b">Missouri</subfield><subfield code="c">Audrain</subfield><subfield code="d">Vandalia.</subfield></datafield><datafield ind1="0" ind2="0" tag="780"><subfield code="t">Vandalia weekly leader</subfield><subfield code="w">(DLC)sn 87052237</subfield></datafield><datafield ind1="0" ind2="5" tag="780"><subfield code="t">Vandalia mail</subfield><subfield code="w">(DLC)sn 90061247</subfield></datafield><datafield ind1="1" ind2="5" tag="780"><subfield code="t">Vandalia press and Laddonia herald</subfield><subfield code="w">(DLC)sn 90061048</subfield></datafield></record>